@book{gravlensbook,
  title={Gravitational Lensing: Strong, Weak and Micro},
  author={Peter Schneider, Christopher S. Kochanek, Joachim Wambsganss},
  isbn={3-540-30309-X},
  year={2006},
  publisher={SPRINGER}
}


@article{kelly2014,
    author = "Kelly et al.",
    title = "Multiple Images of a Highly Magnified Supernova Formed by an Early-Type Cluster Galaxy Lens",
    adsurl="https://arxiv.org/pdf/1411.6009.pdf",
    journal = "Science",
    volume = "347",
    number = "6226",
    pages = "1123-1126",
    year = "2015",
    langid = "english",
    publisher = "American Association for the Advancement of Science",
    doi = {10.1126/science.aaa3350}
}

@ARTICLE{treu2015,
   author = {{Treu}, T. and {Brammer}, G. and {Diego}, J.~M. and {Grillo}, C. and {Kelly}, P.~L. and {Oguri}, M. and {Rodney}, S.~A. and {Rosati}, P. and {Sharon}, K. and {Zitrin}, A. and {Balestra}, I. and {Brada{\v c}}, M. and 
	{Broadhurst}, T. and {Caminha}, G.~B. and {Halkola}, A. and {Hoag}, A. and {Ishigaki}, M. and {Johnson}, T.~L. and {Karman}, W. and {Kawamata}, R. and {Mercurio}, A. and {Schmidt}, K.~B. and {Strolger}, L.-G. and {Suyu}, S.~H. and {Filippenko}, A.~V. and {Foley}, R.~J. and {Jha}, S.~W. and {Patel}, B.},
    title = "{``Refsdal'' Meets Popper: Comparing Predictions of the Re-appearance of the Multiply Imaged Supernova Behind MACSJ1149.5+2223}",
  journal = {\apj},
archivePrefix = "arXiv",
   eprint = {1510.05750},
 keywords = {gravitational lensing: strong},
     year = 2016,
    month = jan,
   volume = 817,
      eid = {60},
    pages = {60},
      doi = {10.3847/0004-637X/817/1/60},
   adsurl = {https://ui.adsabs.harvard.edu/abs/2016ApJ...817...60T},
  adsnote = {Provided by the SAO/NASA Astrophysics Data System}
}

@ARTICLE{rodney2016,
   author = {{Rodney}, S.~A. and {Strolger}, L.-G. and {Kelly}, P.~L. and {Brada{\v c}}, M. and {Brammer}, G. and {Filippenko}, A.~V. and {Foley}, R.~J. and {Graur}, O. and {Hjorth}, J. and {Jha}, S.~W. and {McCully}, C. and {Molino}, A. and {Riess}, A.~G. and {Schmidt}, K.~B. and 
	{Selsing}, J. and {Sharon}, K. and {Treu}, T. and {Weiner}, B.~J. and {Zitrin}, A.},
    title = "{SN Refsdal: Photometry and Time Delay Measurements of the First Einstein Cross Supernova}",
   journal = {ApJ},
    archivePrefix = "arXiv",
   eprint = {1512.05734},
 keywords = {galaxies: clusters: general, galaxies: clusters: individual: MACS J1149.6+2223, gravitational lensing: strong, supernovae: general, supernovae: individual: SN Refsdal},
     year = 2016,
    month = mar,
   volume = 820,
      eid = {50},
    pages = {50},
      doi = {10.3847/0004-637X/820/1/50},
   adsurl = {https://ui.adsabs.harvard.edu/abs/2016ApJ...820...50R},
  adsnote = {Provided by the SAO/NASA Astrophysics Data System}
}

@book{gl_all,
    author = {Meneghetti, Massimo},
    year = {2016},
    %month = {11},
    pages = {},
    title = {Introduction to Gravitational Lensing - Lecture scripts}
}

@ARTICLE{moresuyu2017,
   author = {{More}, A. and {Suyu}, S.~H. and {Oguri}, M. and {More}, S. and 
	{Lee}, C.-H.},
    title = "{Interpreting the Strongly Lensed Supernova iPTF16geu: Time Delay Predictions, Microlensing, and Lensing Rates}",
  journal = {\apjl},
archivePrefix = "arXiv",
   eprint = {1611.04866},
 keywords = {gravitational lensing: strong, supernovae: individual: iPTF16geu},
     year = 2017,
    month = feb,
   volume = 835,
      eid = {L25},
    pages = {L25},
      doi = {10.3847/2041-8213/835/2/L25},
   adsurl = {https://ui.adsabs.harvard.edu/abs/2017ApJ...835L..25M},
  adsnote = {Provided by the SAO/NASA Astrophysics Data System}
}

@ARTICLE{pierelrodney2019,
   author = {{Pierel}, J.~D.~R. and {Rodney}, S.},
    title = "{Turning Gravitationally Lensed Supernovae into Cosmological Probes}",
  journal = {\apj},
archivePrefix = "arXiv",
   eprint = {1902.01260},
 keywords = {cosmology: observations, gravitational lensing: strong, supernovae: general },
     year = 2019,
    month = may,
   volume = 876,
      eid = {107},
    pages = {107},
      doi = {10.3847/1538-4357/ab164a},
   adsurl = {https://ui.adsabs.harvard.edu/abs/2019ApJ...876..107P},
  adsnote = {Provided by the SAO/NASA Astrophysics Data System}
}

@ARTICLE{dobler2015,
   author = {{Dobler}, G. and {Fassnacht}, C.~D. and {Treu}, T. and {Marshall}, P. and 
	{Liao}, K. and {Hojjati}, A. and {Linder}, E. and {Rumbaugh}, N.
	},
    title = "{Strong Lens Time Delay Challenge. I. Experimental Design}",
  journal = {\apj},
 keywords = {gravitational lensing: strong, methods: data analysis },
     year = 2015,
    month = feb,
   volume = 799,
      eid = {168},
    pages = {168},
      doi = {10.1088/0004-637X/799/2/168},
   adsurl = {https://ui.adsabs.harvard.edu/abs/2015ApJ...799..168D},
  adsnote = {Provided by the SAO/NASA Astrophysics Data System}
}

@ARTICLE{refsdalstabell1991,
   author = {{Refsdal}, S. and {Stabell}, R.},
    title = "{Gravitational micro-lensing for large sources}",
  journal = {\aap},
 keywords = {Gravitational Lenses, Quasars, Stellar Gravitation, Astrophysics, Gravitational Effects},
     year = 1991,
    month = oct,
   volume = 250,
    pages = {62-66},
   adsurl = {https://ui.adsabs.harvard.edu/abs/1991A%26A...250...62R},
  adsnote = {Provided by the SAO/NASA Astrophysics Data System}
}

@ARTICLE{doblerkeeton2006,
   author = {{Dobler}, G. and {Keeton}, C.~R.},
    title = "{Microlensing of Lensed Supernovae}",
  journal = {ApJ},
   eprint = {astro-ph/0608391},
 keywords = {Galaxies: Stellar Content, Cosmology: Gravitational Lensing, Stars: Supernovae: General},
     year = 2006,
    month = dec,
   volume = 653,
    pages = {1391-1399},
      doi = {10.1086/508769},
   adsurl = {https://ui.adsabs.harvard.edu/abs/2006ApJ...653.1391D},
  adsnote = {Provided by the SAO/NASA Astrophysics Data System}
}

@ARTICLE{refsdal1964,
   author = {{Refsdal}, S.},
    title = "{On the possibility of determining Hubble's parameter and the masses of galaxies from the gravitational lens effect}",
  journal = {\mnras},
     year = 1964,
   volume = 128,
    pages = {307},
      doi = {10.1093/mnras/128.4.307},
   adsurl = {https://ui.adsabs.harvard.edu/abs/1964MNRAS.128..307R},
  adsnote = {Provided by the SAO/NASA Astrophysics Data System}
}

@ARTICLE{narbart,
   author = {{Narayan}, R. and {Bartelmann}, M.},
    title = "{Lectures on Gravitational Lensing}",
  journal = {arXiv Astrophysics e-prints},
   eprint = {astro-ph/9606001},
 keywords = {Astrophysics},
     year = 1996,
    month = jun,
   adsurl = {https://ui.adsabs.harvard.edu/abs/1996astro.ph..6001N},
  adsnote = {Provided by the SAO/NASA Astrophysics Data System}
}